@article{hoffman1,
  title={Unsupervised learning by probabilistic latent semantic analysis},
  author={T. Hofmann},
  journal={Machine Learning},
  volume={42},
  number={1},
  pages={177--196},
  year={2001},
  publisher={Kluwer Academic Publishers}
}

@article{andrewng1,
  title={Latent Dirichlet Allocation},
  author={Blei D., Ng A., Jordan M.},
  journal={Journal of machine Learning research},
  volume={3},
  number={3},
  pages={993--1022},
  year={2003},
  publisher={JMLR}
}

@article{vorontsov1,
  title={Аддитивная регуляризация тематических моделей коллекций текстовых документов},
  author={К.В. Воронцов},
  journal={Доклады РАН},
  volume={455},
  number={3},
  pages={268--271},
  year={2014},
}